<?xml version="1.0" encoding="UTF-8"?><record xmlns="http://www.loc.gov/MARC21/slim" xmlns:cinclude="http://apache.org/cocoon/include/1.0" xmlns:zs="http://www.loc.gov/zing/srw/">
  <leader>00457nz  a2200133n  4500</leader>
  <controlfield tag="001">n  81045599 </controlfield>
  <controlfield tag="003">DLC</controlfield>
  <controlfield tag="005">19840322000000.0</controlfield>
  <controlfield tag="008">810515n| acannaab|          |a aaa |||  </controlfield>
  <datafield tag="010" ind1=" " ind2=" ">
    <subfield code="a">n  81045599 </subfield>
  </datafield>
  <datafield tag="040" ind1=" " ind2=" ">
    <subfield code="a">DLC</subfield>
    <subfield code="c">DLC</subfield>
  </datafield>
  <datafield tag="100" ind1="1" ind2="0">
    <subfield code="a">Bosch, Gulnar K.</subfield>
    <subfield code="q">(Gulnar Kheirallah),</subfield>
    <subfield code="d">1909-</subfield>
  </datafield>
  <datafield tag="400" ind1="1" ind2="0">
    <subfield code="a">Bosch, Gulnar Kheirallah,</subfield>
    <subfield code="d">1909-</subfield>
  </datafield>
  <datafield tag="670" ind1=" " ind2=" ">
    <subfield code="a">His Islamic bindings &amp; bookmaking, 1981:</subfield>
    <subfield code="b">CIP galley t.p. (Gulnar K. Bosch) CIP data sheet (Bosch, Gulnar Kheirallah; b. 1909)</subfield>
  </datafield>
</record>